@string{and = { and }}

@string{axch = {Alexey Radul}}
@string{gjs = {Gerald Jay Sussman}}
@string{gls = {Guy L. {Steele Jr.}}}
@string{cph = {Chris Hanson}}
@string{alan-borning = {Alan H. Borning}}
@string{dam = {David Allen McAllester}}
@string{zabih = {Ramin Zabih}}
@string{rms = {Richard Matthew Stallman}}
@string{johan-dekleer = {Johan {de Kleer}}}
@string{clinger = {William D. Clinger}}
@string{shriram = {Shriram Krishnamurthi}}
@string{greg-cooper = {Gregory H. Cooper}}
@string{spj = {Simon L. Peyton Jones}}
@string{wadler = {Philip Wadler}}
@string{koller = {D. Koller}}
@string{pfeffer = {Avi Pfeffer}}
@string{paul-hudak = {Paul Hudak}}
@string{conal-elliott = {Conal Elliott}}

@string{mit = {Massachusetts Institute of Technology}}
@string{ailab = {MIT Artificial Intelligence Laboratory}}
@string{csail = {MIT Computer Science and Artificial Intelligence Laboratory}}
@string{mit-press = {MIT Press}}
@string{mit-address = {Cambridge, MA}}
@string{cambridge-u-press = {Cambridge University Press}}
@string{cambridge-u-address = {Cambridge, UK}}
%% TODO Hack to get the address of the ACM rather than of the conferences
%% they sponsor
@string{acm = {Association for Computing Machinery, New York, NY}}
@string{new-york = ""}

@conference{goodman-mansinghka-2008-church,
  title	    = {{Church: a Language for Generative Models}},
  author    = {Goodman, N.D. and Mansinghka, V.K. and Roy, D. and
                Bonawitz, K. and Tenenbaum, J.B.},
  booktitle = {Uncertainty in Artificial Intelligence},
  year	    = 2008
}

@inproceedings{kiselyov-shan-2009-embedded,
  author    = {Oleg Kiselyov and Chung-chien Shan},
  title	    = {{Embedded Probabilistic Programming}},
  booktitle = {Proceedings of the working conference on
                domain-specific languages},
  pages	    = {360-384},
  year	    = 2009,
  editor    = {Walid Taha},
  number    = 5658,
  series    = {Lecture notes in computer science},
  publisher = {Springer}
}

@incollection{pfeffer-2007-ibal-design-implementation,
  title	    = {{The Design and Implementation of IBAL: A
                General-Purpose Probabilistic Language}},
  author    = pfeffer,
  year	    = 2007,
  booktitle = {An Introduction to Statistical Relational Learning},
  pages	    = {399-432},
  publisher = mit-press,
  address   = mit-address
}

@techreport{prob-scheme-techreport,
  title	    = {{Report on the Probabilistic Language Scheme}},
  author    = axch,
  year	    = 2007,
  institution= csail,
  type	    = {CSAIL Tech Report},
  number    = {MIT-CSAIL-TR-2007-059},
  note	    = {\url{http://hdl.handle.net/1721.1/39831}},
  publisher = mit,
  address   = mit-address
}
