% (Unabridged) Art of the Propagator
@techreport{radul2009atp,
  title={{The Art of the Propagator}},
  author={Alexey Radul and Gerald Jay Sussman},
  year={2009},
  institution ={MIT Computer Science and Artificial Intelligence Laboratory},
  type = {CSAIL Tech Report},
  number = "MIT-CSAIL-TR-2009-002",
  note = "http://hdl.handle.net/1721.1/44215",
  publisher = {Massachusetts Institute of Technology},
  address = {Cambridge, MA, USA},
}

@article{cooper2004ffr,
  title={{FrTime: Functional reactive programming in PLT Scheme}},
  author={Cooper, G. and Krishnamurthi, S.},
  journal={Computer science technical report. Brown University. CS-03-20},
  year={2004}
}

@article{cooper2006edd,
  title={{Embedding dynamic dataflow in a call-by-value language}},
  author={Cooper, G.H. and Krishnamurthi, S.},
  journal={Lecture Notes in Computer Science},
  volume={3924},
  pages={294},
  year={2006},
  publisher={Springer}
}

% FrTime thesis
@phdthesis{cooper2008ide,
  title={{Integrating Dataflow Evaluation into a Practical Higher-Order Call-by-Value Language}},
  author={Cooper, G.H.},
  year={2008},
  school={Brown University}
}

% Fran paper
@conference{elliott1997fra,
  title={{Functional reactive animation}},
  author={Elliott, C. and Hudak, P.},
  booktitle={Proceedings of the second ACM SIGPLAN international conference on Functional programming},
  pages={263--273},
  year={1997},
  organization={ACM New York, NY, USA}
}

% Seminal-ish FRP (journal version?)
@article{wan2000frp,
  title={{Functional reactive programming from first principles}},
  author={Wan, Z. and Hudak, P.},
  journal={ACM SIGPLAN Notices},
  volume={35},
  number={5},
  pages={242--252},
  year={2000},
  publisher={ACM New York, NY, USA}
}

% Another seminal FRP paper
@conference{nilsson2002frp,
  title={{Functional reactive programming, continued}},
  author={Nilsson, H. and Courtney, A. and Peterson, J.},
  booktitle={Proceedings of the 2002 ACM SIGPLAN workshop on Haskell},
  pages={51--64},
  year={2002},
  organization={ACM New York, NY, USA}
}
