@string{and = { and }}

@string{axch = {Alexey Radul}}
@string{gjs = {Gerald Jay Sussman}}
@string{gls = {Guy L. {Steele Jr.}}}
@string{cph = {Chris Hanson}}
@string{alan-borning = {Alan H. Borning}}
@string{dam = {David Allen McAllester}}
@string{zabih = {Ramin Zabih}}
@string{rms = {Richard Matthew Stallman}}
@string{johan-dekleer = {Johan {de Kleer}}}
@string{clinger = {William D. Clinger}}
@string{shriram = {Shriram Krishnamurthi}}
@string{greg-cooper = {Gregory H. Cooper}}
@string{spj = {Simon L. Peyton Jones}}
@string{wadler = {Philip Wadler}}
@string{koller = {D. Koller}}
@string{pfeffer = {Avi Pfeffer}}
@string{paul-hudak = {Paul Hudak}}
@string{conal-elliott = {Conal Elliott}}

@string{mit = {Massachusetts Institute of Technology}}
@string{ailab = {MIT Artificial Intelligence Laboratory}}
@string{csail = {MIT Computer Science and Artificial Intelligence Laboratory}}
@string{mit-press = {MIT Press}}
@string{mit-address = {Cambridge, MA}}
@string{cambridge-u-press = {Cambridge University Press}}
@string{cambridge-u-address = {Cambridge, UK}}
%% TODO Hack to get the address of the ACM rather than of the conferences
%% they sponsor
@string{acm = {Association for Computing Machinery, New York, NY}}
@string{new-york = ""}

@phdthesis{art-thesis,
  author    = axch,
  title	    = {{Propagation Networks: A Flexible and Expressive
                Substrate for Computation}},
  school    = mit,
  year	    = 2009,
  address   = mit-address,
  month	    = sep,
  note	    = {\url{http://hdl.handle.net/1721.1/49525}}
}

@phdthesis{shivers-1991-taming-lambda,
  author    = {Olin Shivers},
  title	    = {{Control-Flow Analysis of Higher-Order Languages}},
  school    = {Carnegie Mellon University},
  year	    = 1991,
  address   = {Pittsburgh, PA},
  month	    = may,
  note	    = {CMU-CS-91-145}
}
